
@Misc{neo4j1,
author={Neo4J Team},
title={Projeto Graph Database},
year={2014},
note={Disponível em http://neo4j.com/docs/2.0.3/},
}

@Misc{neo4j2,
author={Thiago Jackiw},
title={Aprendendo Neo4J},
year={2014},
note={Disponível em http://www.sitepoint.com/using-a-graph-database-with-ruby-part-i-introduction/},
}



